@techreport{EPA:2018tv,
author = {{EPA}},
title = {{Documentation for EPA{\textquoteright}s Power Sector Modeling Platform v6 Using the Integrated Planning Model}},
institution = {U.S. Environmental Protection Agency},
year = {2018}
}

